% Applications
@article{application_eeg_1,
	author = {Rajpurkar, Pranav and Hannun, Awni and Haghpanahi, Masoumeh and Bourn, Codie and Ng, Andrew},
	year = {2017},
	month = {07},
	pages = {},
	title = {Cardiologist-Level Arrhythmia Detection with Convolutional Neural Networks},
	doi = {10.48550/arXiv.1707.01836}
}
@article{application_eeg_2,
	author = {Lawhern, Vernon and Solon, Amelia and Waytowich, Nicholas and Gordon, Stephen and Hung, Chou and Lance, Brent},
	year = {2018},
	month = {07},
	pages = {},
	title = {EEGNet: a compact convolutional neural network for EEG-based brain–computer interfaces},
	volume = {15},
	journal = {Journal of Neural Engineering},
	doi = {10.1088/1741-2552/aace8c}
}
@INPROCEEDINGS{application_sound_1,
	author={Trigeorgis, George and Ringeval, Fabien and Brueckner, Raymond and Marchi, Erik and Nicolaou, Mihalis A. and Schuller, Björn and Zafeiriou, Stefanos},
	booktitle={2016 IEEE International Conference on Acoustics, Speech and Signal Processing (ICASSP)}, 
	title={Adieu features? End-to-end speech emotion recognition using a deep convolutional recurrent network}, 
	year={2016},
	volume={},
	number={},
	pages={5200-5204},
	keywords={Speech;Convolution;Feature extraction;Speech recognition;Acoustics;Neural networks;Emotion recognition;end-to-end learning;raw waveform;emotion recognition;deep learning;CNN;LSTM},
	doi={10.1109/ICASSP.2016.7472669}}
@article{application_sound_2,
	author = {Lasseck, Mario},
	year = {2019},
	month = {09},
	pages = {},
	title = {Bird Species Identification in Soundscapes}
}
@inproceedings{application_hac,
	author = {Hammerla, Nils and Halloran, Shane and Ploetz, Thomas},
	year = {2016},
	month = {04},
	pages = {},
	title = {Deep, Convolutional, and Recurrent Models for Human Activity Recognition using Wearables}
}
@article{application_weather,
	author = {Shi, Xingjian and Chen, Zhourong and Wang, Hao and Yeung, Dit-Yan and Wong, Wai Kin and WOO, Wang-chun},
	year = {2015},
	month = {06},
	pages = {},
	title = {Convolutional LSTM Network: A Machine Learning Approach for Precipitation Nowcasting}
}

% Methods review
@inproceedings{dtw,
	author = {Berndt, Donald J. and Clifford, James},
	title = {Using dynamic time warping to find patterns in time series},
	year = {1994},
	publisher = {AAAI Press},
	booktitle = {Proceedings of the 3rd International Conference on Knowledge Discovery and Data Mining},
	pages = {359–370},
	numpages = {12},
	keywords = {time series, pattern analysis, knowledge discovery, dynamic time warping, dynamic programming},
	location = {Seattle, WA},
	series = {AAAIWS'94}
}
@article{knn_dtw,
	author = {Ding, Hui and Trajcevski, Goce and Scheuermann, Peter and Wang, Xiaoyue and Keogh, Eamonn},
	title = {Querying and mining of time series data: experimental comparison of representations and distance measures},
	year = {2008},
	issue_date = {August 2008},
	publisher = {VLDB Endowment},
	volume = {1},
	number = {2},
	issn = {2150-8097},
	url = {https://doi.org/10.14778/1454159.1454226},
	doi = {10.14778/1454159.1454226},
	journal = {Proc. VLDB Endow.},
	month = aug,
	pages = {1542–1552},
	numpages = {11}
}
@article{fouirer_feat,
	author = {Mörchen, Fabian},
	year = {2003},
	month = {12},
	pages = {},
	title = {Time series feature extraction for data mining using DWT and DFT}
}
@inbook{stat_feat_1,
	author = {Nanopoulos, Alex and Alcock, Rob and Manolopoulos, Yannis},
	title = {Feature-based classification of time-series data},
	year = {2001},
	isbn = {1590331168},
	publisher = {Nova Science Publishers, Inc.},
	address = {USA},
	booktitle = {Information Processing and Technology},
	pages = {49–61},
	numpages = {13}
}
@article{stat_feat_2,
	author = {Wang, Xiaozhe and Smith, Kate and Hyndman, Rob},
	title = {Characteristic-Based Clustering for Time Series Data},
	year = {2006},
	issue_date = {November  2006},
	publisher = {Kluwer Academic Publishers},
	address = {USA},
	volume = {13},
	number = {3},
	issn = {1384-5810},
	url = {https://doi.org/10.1007/s10618-005-0039-x},
	doi = {10.1007/s10618-005-0039-x},
	journal = {Data Min. Knowl. Discov.},
	month = nov,
	pages = {335–364},
	numpages = {30},
	keywords = {time series clustering, global characteristics, feature measures, dimensionality reduction, clustering}
}
@article{lstm_feat,
	author = {Malhotra, Pankaj and Ramakrishnan, Anusha and Anand, Gaurangi and Vig, Lovekesh and Agarwal, Puneet and Shroff, Gautam},
	year = {2016},
	month = {07},
	pages = {},
	title = {LSTM-based Encoder-Decoder for Multi-sensor Anomaly Detection},
	doi = {10.48550/arXiv.1607.00148}
}

% NODE applications
@article{LAI2021116196,
	title = {Structural identification with physics-informed neural ordinary differential equations},
	journal = {Journal of Sound and Vibration},
	volume = {508},
	pages = {116196},
	year = {2021},
	issn = {0022-460X},
	doi = {https://doi.org/10.1016/j.jsv.2021.116196},
	url = {https://www.sciencedirect.com/science/article/pii/S0022460X21002686},
	author = {Zhilu Lai and Charilaos Mylonas and Satish Nagarajaiah and Eleni Chatzi},
	keywords = {Neural ordinary differential equations, Physics-informed machine learning, Scientific machine learning, Discrepancy modeling, Structural identification, Structural damage detection, Structural health monitoring}
}
@unknown{phys_informed_2,
	author = {Lai, Zhilu and Liu, Wei and Jian, Xudong and Bacsa, Kiran and Sun, Limin and Chatzi, Eleni},
	year = {2022},
	month = {07},
	pages = {},
	title = {Neural Modal ODEs: Integrating Physics-based Modeling with Neural ODEs for Modeling High Dimensional Monitored Structures},
	doi = {10.48550/arXiv.2207.07883}
}
@inproceedings{NEURIPS2019_99a40143,
	author = {Yildiz, Cagatay and Heinonen, Markus and Lahdesmaki, Harri},
	booktitle = {Advances in Neural Information Processing Systems}
	pages = {},
	publisher = {Curran Associates, Inc.},
	title = {ODE2VAE: Deep generative second order ODEs with Bayesian neural networks},
	url = {https://proceedings.neurips.cc/paper_files/paper/2019/file/99a401435dcb65c4008d3ad22c8cdad0-Paper.pdf},
	volume = {32},
	year = {2019}
}
@inproceedings{node_rl,
	author = {Du, Jianzhun and Futoma, Joseph and Doshi-Velez, Finale},
	title = {Model-based reinforcement learning for semi-Markov decision processes with neural ODEs},
	year = {2020},
	isbn = {9781713829546},
	publisher = {Curran Associates Inc.},
	address = {Red Hook, NY, USA},
	articleno = {1662},
	numpages = {12},
	location = {Vancouver, BC, Canada},
	series = {NIPS '20}
}
@ARTICLE{8892510,
	author={Paoletti, Mercedes E. and Haut, Juan Mario and Plaza, Javier and Plaza, Antonio},
	journal={IEEE Transactions on Geoscience and Remote Sensing}, 
	title={Neural Ordinary Differential Equations for Hyperspectral Image Classification}, 
	year={2020},
	volume={58},
	number={3},
	pages={1718-1734},
	keywords={Neurons;Data models;Hyperspectral imaging;Feature extraction;Data mining;Visualization;Deep learning (DL);hyperspectral images (HSIs);ordinary differential equations (ODEs);residual networks (ResNets)},
	doi={10.1109/TGRS.2019.2948031}}
@article{node_control,
	author = {Ruiz-Balet, Domenec and Zuazua, Enrique},
	title = {Neural ODE Control for Classification, Approximation, and Transport},
	journal = {SIAM Review},
	volume = {65},
	number = {3},
	pages = {735-773},
	year = {2023},
	doi = {10.1137/21M1411433},
	URL = {https://doi.org/10.1137/21M1411433},
	eprint = {https://doi.org/10.1137/21M1411433}
}

% NODE's time series model critique
@article{Kingma2013AutoEncodingVB,
	title={Auto-Encoding Variational Bayes},
	author={Diederik P. Kingma and Max Welling},
	journal={CoRR},
	year={2013},
	volume={abs/1312.6114},
	url={https://api.semanticscholar.org/CorpusID:216078090}
}
@article{blei2017variational,
	title={Variational inference: A review for statisticians},
	author={Blei, David M and Kucukelbir, Alp and McAuliffe, Jon D},
	journal={Journal of the American statistical Association},
	volume={112},
	number={518},
	pages={859--877},
	year={2017},
	publisher={Taylor \& Francis}
}
@inproceedings{node_takens_1,
	author = {Ouala, Said and Fablet, Ronan and Drumetz, Lucas and Chapron, Bertrand and Pascual, Ananda and Collard, Fabrice and Gaultier, Lucile},
	year = {2020},
	month = {09},
	pages = {3490-3493},
	title = {Physically Informed Neural Networks for the Simulation and Data-Assimilation of Geophysical Dynamics},
	doi = {10.1109/IGARSS39084.2020.9323081}
}
@article{node_takens_2,
	author = {Ouala, Said and Nguyen, Duong and Drumetz, Lucas and Chapron, B. and Pascual, Ananda and Collard, Fabrice and Gaultier, Lucile and Fablet, Ronan},
	year = {2020},
	month = {10},
	pages = {103121},
	title = {Learning latent dynamics for partially observed chaotic systems},
	volume = {30},
	journal = {Chaos: An Interdisciplinary Journal of Nonlinear Science},
	doi = {10.1063/5.0019309}
}

% ode solvers
@book{ode_solvers,
	author = {Hairer, Ernst and Norsett, Syvert and Wanner, Gerhard},
	year = {1993},
	month = {01},
	pages = {},
	title = {Solving Ordinary Differential Equations I: Nonstiff Problems},
	volume = {8},
	isbn = {978-3-540-56670-0},
	doi = {10.1007/978-3-540-78862-1}
}

@book{hogg2005introduction,
	title={Introduction to Mathematical Statistics},
	author={Hogg, R.V. and McKean, J.W. and Craig, A.T.},
	isbn={9780130085078},
	lccn={77002884},
	series={Pearson education international},
	year={2005},
	publisher={Pearson Education}
}
@book{bishop, author = {Bishop, Christopher M.}, title = {Pattern Recognition and Machine Learning (Information Science and Statistics)}, year = {2006}, isbn = {0387310738}, publisher = {Springer-Verlag}, address = {Berlin, Heidelberg} }


% Main citations
@inproceedings{takens2006detecting,
	title={Detecting strange attractors in turbulence},
	author={Takens, Floris},
	booktitle={Dynamical Systems and Turbulence, Warwick 1980: proceedings of a symposium held at the University of Warwick 1979/80},
	pages={366--381},
	year={2006},
	organization={Springer}
}
@inproceedings{node,
	author = {Chen, Ricky T. Q. and Rubanova, Yulia and Bettencourt, Jesse and Duvenaud, David},
	title = {Neural ordinary differential equations},
	year = {2018},
	publisher = {Curran Associates Inc.},
	address = {Red Hook, NY, USA},
	booktitle = {Proceedings of the 32nd International Conference on Neural Information Processing Systems},
	pages = {6572–6583},
	numpages = {12},
	location = {Montr\'{e}al, Canada},
	series = {NIPS'18}
}